@article {2014_MaOl_amgtheory,
  author = {MacLachlan, Scott P. and Olson, Luke N.},
  title = {Theoretical bounds for algebraic multigrid performance: review and analysis},
  journal = {Numerical Linear Algebra with Applications},
  volume = {21},
  number = {2},
  issn = {1099-1506},
  doi = {10.1002/nla.1930},
  pages = {194--220},
  keywords = {algebraic multigrid, convergence bounds, predictive theory},
  year = {2014},
}
